@misc{lc,
  title = {{Livermore Computing Resources and Environment}},
  howpublished = {\url{https://computing.llnl.gov/tutorials/lc_resources/}},
  note = {Accessed: 2018-04-22}
}

@misc{hpss,
  title = {{LLNL HPSS archive}},
  howpublished = {\url{https://computing.llnl.gov/tutorials/lc_resources/#Archival}},
  note = {Accessed: 2018-04-22}
}


@misc{borax,
  title = {{LLNL \texttt{borax} computer cluster}},
  howpublished = {\url{https://hpc.llnl.gov/hardware/platforms/borax}},
  note = {Accessed: 2018-04-22}
}

@misc{dmp,
  title = {{PROSPECT Data Management Plan}},
  howpublished = {\url{https://prospect.yale.edu/data-management}},
  note = {Accessed: 2018-04-22}
}
